@inproceedings {Abe_SIGGRAPH2007,
	author = {Abe, Yeuhi and {Da Silva}, Marco and Popovi{\'{c}}, Jovan},
	title = {{Multiobjective control with frictional contacts}},
	booktitle = {ACM SIGGRAPH Symposium on Computer Animation},
	volume = {1},
	editor = {Metaxas, Dimitris N. and Popovi{\'{c}}, Jovan},
	address = {San Diego, CA, USA},
	pages = {249--258},
	year = {2007}
}

@article {Aghili_TransRobotics2005,
	author = {Aghili, Farhad},
	title = {{A Unified Approach for Inverse and Direct Dynamics of Constrained Multibody Systems Based on
						Linear Projection Operator: Applications to Control and Simulation}},
	journal = {IEEE Transactions on Robotics},
	volume = {21},
	number = {5},
	pages = {834--849},
	year = {2005}
}

@inproceedings {Aghili_ICRA2016,
	author = {Aghili, Farhad and Su, Chun-Yi},
	title = {{Control of Constrained Robots Subject to Unilateral Contacts and Friction Cone Constraints}},
	booktitle = {IEEE International Conference on Robotics and Automation (ICRA)},
	address = {Stockholm, Sweden},
	pages = {2347--2352},
	year = {2016}
}

@article {AlGallaf_RobAutoSys2006,
	author = {Al-Gallaf, Ebrahim Abdullah Hussein},
	title = {{Multi-fingered robot hand optimal task force distribution: Neural inverse kinematics approach}},
	journal = {Robotics and Autonomous Systems},
	volume = {54},
	number = {1},
	pages = {34--51},
	year = {2006}
}

@article {Anderson_JRobticsAuto1988,
	author = {Anderson, Robert J. and Spong, Mark W.},
	title = {{Hybrid Impedance Control of Robotic Manipulators}},
	journal = {IEEE Journal of Robotics and Automation},
	volume = {4},
	number = {5},
	pages = {549--556},
	year = {1988}
}

@inproceedings {Audren_IROS2014,
	author = {Audren, Herv{\'{e}} and Vaillant, Joris and Kheddar, Abderrahmane and Escande, Adrien and
						Kaneko, Kenji and Yoshida, Eiichi},
	title = {{Model Preview Control in Multi-Contact Motion– Application to a Humanoid Robot}},
	booktitle = {IEEE/RSJ International Conference on Intelligent Robots and Systems (IROS)},
	address = {Chicago, IL, USA},
	pages = {4030--4035},
	year = {2014}
}

@inproceedings {Baerlocher_IROS1998,
	author = {Baerlocher, Paolo and Boulic, Ronan},
	title = {{Task-Priority Formulations for the Kinematic Control of Highly Redundant Articulated Structures}},
	booktitle = {IEEE/RSJ International Conference on Intelligent Robots and Systems (IROS)},
	volume = {1},
	address = {Victoria, Canada},
	pages = {323--329},
	year = {1998}
}

@inproceedings {Bouyarmane_ICRA2009,
	author = {Bouyarmane, Karim and Escande, Adrien and Lamiraux, Florent and Kheddar, Abderrahmane},
	title = {{Potential Field Guide for Humanoid Multicontacts Acyclic Motion Planning}},
	booktitle = {IEEE International Conference on Robotics and Automation (ICRA)},
	address = {Kobe, Japan},
	pages = {1165--1170},
	year = {2009}
}

@inproceedings {Bouyarmane_Humanoids2010,
	author = {Bouyarmane, Karim and Kheddar, Abderrahmane},
	title = {{Static Multi-Contact Inverse Problem for Multiple Humanoid Robots and Manipulated Objects}},
	booktitle = {IEEE-RAS International Conference on Humanoid Robots (Humanoids)},
	address = {Nashville, TN, USA},
	pages = {8--13},
	year = {2010}
}

@inproceedings {Bouyarmane_IROS2011,
	author = {Bouyarmane, Karim and Kheddar, Abderrahmane},
	title = {{Using a Multi-Objective Controller to Synthesize Simulated Humanoid Robot Motion with
						Changing Contact Configurations}},
	booktitle = {IEEE/RSJ International Conference on Intelligent Robots and Systems (IROS)},
	address = {San Francisco, CA, USA},
	pages = {4414--4419},
	year = {2011}
}

@inproceedings {Bouyarmane_Humanoids2012,
	author = {Bouyarmane, Karim and Kheddar, Abderrahmane},
	title = {{On the Dynamics Modeling of Free-Floating-Base Articulated Mechanisms and Applications to
						Humanoid Whole-Body Dynamics and Control}},
	booktitle = {IEEE-RAS International Conference on Humanoid Robots (Humanoids)},
	address = {Osaka, Japan},
	pages = {36--42},
	year = {2012}
}

@inproceedings {Brossette_Humanoids2015,
	author = {Brossette, Stanislas and Escande, Adrien and Duchemin, Gr{\'{e}}goire and
						Chr{\'{e}}tien, Benjamin and Kheddar, Abderrahmane},
	title = {{Humanoid Posture Generation on non-Euclidean Manifolds}},
	booktitle = {IEEE-RAS International Conference on Humanoid Robots (Humanoids)},
	address = {Seoul, South Korea},
	pages = {352--358},
	year = {2015}
}

@inproceedings {Calandra_Humanoids2015,
	author = {Calandra, Roberto and Ivaldi, Serena and Deisenroth, Marc Peter and Peters, Jan},
	title = {{Learning Torque Control in Presence of Contacts using Tactile Sensing from Robot Skin}},
	booktitle = {IEEE-RAS International Conference on Humanoid Robots (Humanoids)},
	address = {Seoul, South Korea},
	pages = {690--695},
	year = {2015}
}

@inproceedings {Calandra_ICRA2015,
	author = {Calandra, Roberto and Ivaldi, Serena and Deisenroth, Marc and Rueckert, Elmar and Peters, Jan},
	title = {{Learning Inverse Dynamics Models with Contacts}},
	booktitle = {IEEE International Conference on Robotics and Automation (ICRA)},
	address = {Seattle, WA, USA},
	pages = {3186--3191},
	year = {2015}
}

@inproceedings {Caron_RSS2015,
	author = {Caron, St{\'{e}}phane and Pham, Quang-Cuong and Nakamura, Yoshihiko},
	title = {{Leveraging Cone Double Description for Multi-contact Stability of Humanoids with
						Applications to Statics and Dynamics}},
	booktitle = {Robotics: Science and System (RSS)},
	address = {Rome, Italy},
	year = {2015}
}

@inproceedings {Chen_ICRA1995,
	author = {Chen, Y. C.},
	title = {{A sufficient condition of force-closure and force distribution for grasping solid objects}},
	booktitle = {IEEE International Conference on Robotics and Automation (ICRA)},
	volume = {2},
	address = {Nagoya, Japan},
	pages = {1361--1366},
	year = {1995}
}

@article {Chen_MIRC1999,
	author = {Chen, Xuedong and Watanabe, Keigo and Kiguchi, Kazuo and Izumi, Kiyotaka},
	title = {{Optimal Force Distribution for the Legs of a Quadruped Robot}},
	journal = {Machine Intelligence {\&} Robotic Control},
	volume = {1},
	number = {2},
	pages = {87--94},
	year = {1999}
}

@inproceedings {Cheng_ICRA1989,
	author = {Cheng, Fan-Tien and Orin, David E.},
	title = {{Efficient algorithm for optimal force distribution in multiple-chain robotic systems-the compact-dual LP method}},
	booktitle = {IEEE International Conference on Robotics and Automation (ICRA)},
	volume = {2},
	address = {Scottsdale, AZ, USA},
	pages = {943--950},
	year = {1989}
}

@article {Cheng_TransRoboticsAuto1990,
	author = {Cheng, Fan-Tien and Orin, David E.},
	title = {{Efficient algorithm for optimal force distribution-the compact-dual LP method}},
	journal = {IEEE Transactions on Robotics and Automation},
	volume = {6},
	number = {2},
	pages = {178--187},
	year = {1990}
}

@article {Cheng_TransSysManCyb1991a,
	author = {Cheng, Fan-Tien and Orin, David E.},
	title = {{Optimal force distribution in multiple-chain robotic systems}},
	journal = {IEEE Transactions on Systems, Man, and Cybernetics},
	volume = {21},
	number = {1},
	pages = {13--24},
	year = {1991}
}

@article{Cheng_TransSysManCyb1991b,
	author = {Cheng, Fan-Tien and Orin, David E.},
	title = {{Efficient formulation of the force-distribution equations for simple closed-chain robotic mechanisms}},
	journal = {IEEE Transactions on Systems, Man, and Cybernetics},
	pages = {25--32},
	volume = {21},
	year = {1991}
}

@article {Cheng_SysManCyb1997,
	author = {Cheng, Fan-Tien},
	title = {{An efficient method for obtaining the general solution for the force balance equations with
						hard point contacts}},
	journal = {IEEE Transactions on Systems, Man, and Cybernetics - Part B: Cybernetics},
	volume = {27},
	number = {2},
	pages = {255--260},
	year = {1997}
}

@article {Chiaverini_RoboticsAuto1993,
	author = {Chiaverini, Stefano and Sciavicco, Lorenzo},
	title = {{The Parallel Approach to Force/Position Control of Robotic Manipulators}},
	journal = {IEEE Transactions on Robotics and Automation},
	volume = {9},
	number = {4},
	pages = {361--373},
	year = {1993}
}

@article {Chiaverini_RoboticsAuto1997,
	author = {Chiaverini, Stefano},
	title = {{Singularity-Robust Task-Priority Redundancy Resolution for
						Real-Time Kinematic Control of Robot Manipulators}},
	journal = {IEEE Transactions on Robotics and Automation},
	volume = {13},
	number = {3},
	pages = {398--410},
	year = {1997}
}

@inproceedings {Choi_ICRA1992,
	author = {Choi, Myoung Hwan and Lee, Bum Hee and Ko, Myoung Sam},
	title = {{An application of force ellipsoid to the optimal load distribution for two cooperating robots}},
	booktitle = {IEEE International Conference on Robotics and Automation (ICRA)},
	volume = {1},
	address = {Nice, France},
	pages = {461--466},
	year = {1992}
}

@article {Choi_Robotica1993,
	author = {Choi, Myoung Hwan and Lee, Bum Hee and Ko, Myoung Sam},
	title = {{Optimal load distribution for two cooperating robots using a force ellipsoid}},
	journal = {Robotica},
	volume = {11},
	number = {1},
	pages = {61--72},
	year = {1993}
}

@inproceedings {Chung_ICRA2015,
	author = {Chung, Shu-Yun and Khatib, Oussama},
	title = {{Contact-Consistent Elastic Strips for Multi-Contact Locomotion Planning of Humanoid Robots}},
	booktitle = {IEEE International Conference on Robotics and Automation (ICRA)},
	address = {Seattle, WA, USA},
	pages = {6289--6294},
	year = {2015}
}

@inproceedings {Collette_Humanoids2007,
	author = {Collette, Cyrille and Micaelli, Alain and Andriot, Claude and Lemerle, Pierre},
	title = {{Dynamic Balance Control of Humanoids for Multiple Grasps and non Coplanar Frictional Contacts}},
	booktitle = {IEEE-RAS International Conference on Humanoid Robots (Humanoids)},
	address = {Pittsburgh, PA, USA},
	pages = {81--88},
	year = {2007}
}

@inproceedings {Collette_ICRA2008,
	author = {Collette, Cyrille and Micaelli, Alain and Andriot, Claude and Lemerle, Pierre},
	title = {{Robust Balance Optimization Control of Humanoid Robots with
						Multiple non Coplanar Grasps and Frictional Contacts}},
	booktitle = {IEEE International Conference on Robotics and Automation (ICRA)},
	address = {Pasadena, CA, USA},
	pages = {3187--3193},
	year = {2008}
}

@inproceedings {Craig_SoftwareApp1979,
	author = {Craig, John J. and Raibert, Marc H.},
	title = {{A systematic method of hybrid position/force control of a manipulator}},
	booktitle = {IEEE Computer Society's International Computer Software and Applications Conference},
	address = {Chicago, IL, USA},
	pages = {446--451},
	year = {1979}
}

@inproceedings {DeLasa_IROS2009,
	author = {{De Lasa}, Martin and Hertzmann, Aaron},
	title = {{Prioritized Optimization for Task-Space Control}},
	booktitle = {IEEE/RSJ International Conference on Intelligent Robots and Systems (IROS)},
	address = {St. Louis, MO, USA},
	pages = {5755--5762},
	year = {2009}
}

@incollection {DeShutter_ControlProblemsRobAuto1998,
	author = {De Schutter, Joris and Bruyninckx, Herman and Zhu, Wen-Hong and Spong, Mark W.},
	title = {{Force control: A bird's eye view}},
	booktitle = {Control Problems in Robotics and Automation},
	publisher = {Springer Berlin Heidelberg},
	pages = {1--17},
	year = {1998}
}

@inproceedings {DelPrete_IROS2012,
	author = {{Del Prete}, Andrea and Nori, Francesco and Metta, Giorgio and Natale, Lorenzo},
	title = {{Control of Contact Forces: the Role of Tactile Feedback for Contact Localization}},
	booktitle = {IEEE/RSJ International Conference on Intelligent Robots and Systems (IROS)},
	address = {Vilamoura, Portugal},
	pages = {4048--4053},
	year = {2012}
}

@inproceedings {DelPrete_HRI2012,
	author = {{Del Prete}, Andrea and Natale, Lorenzo and Nori, Francesco and Metta, Giorgio},
	title = {{Contact Force Estimations Using Tactile Sensors and Force/Torque Sensors}},
	booktitle = {ACM/IEEE International Conference on Human-Robot Interaction (HRI)},
	address = {Boston, MA, USA},
	year = {2012}
}

@phdthesis {DelPrete_PhDThesis2013,
	author = {{Del Prete}, Andrea},
	title = {{Control of Contact Forces using Whole-Body Force and Tactile Sensors:
						Theory and Implementation on the iCub Humanoid Robot}},
	school = {Universit{\`{a}} di Genova},
	type = {PhD Thesis},
	year = {2013}
}

@inproceedings {DelPrete_IROS2014,
	author = {{Del Prete}, Andrea and Mansard, Nicolas and Nori, Francesco and Metta, Giorgio and Natale, Lorenzo},
	title = {{Partial force control of constrained floating-base robots}},
	booktitle = {IEEE/RSJ International Conference on Intelligent Robots and Systems (IROS)},
	address = {Chicago, IL, USA},
	pages = {3227--3232},
	year = {2014}
}

@inproceedings {DelPrete_RSS2015,
	author = {{Del Prete}, Andrea and Mansard, Nicolas},
	title = {{Addressing Constraint Robustness to Torque Errors in Task-Space Inverse Dynamics}},
	booktitle = {Robotics: Science and Systems (RSS)},
	address = {Rome, Italy},
	year = {2015}
}

@article {DelPrete_RobAutoSys2015,
	author = {{Del Prete}, Andrea and Nori, Francesco and Metta, Giorgio and Natale, Lorenzo},
	title = {{Prioritized Motion-Force Control of Constrained Fully-Actuated Robots: “Task Space Inverse Dynamics”}},
	journal = {Robotics and Autonomous Systems},
	volume = {63},
	number = {1},
	pages = {150--157},
	year = {2015}
}

@techreport {DelPrete_LAAS2015,
	author = {Del Prete, Andrea and Mansard, Nicolas},
	title = {{Robustness to Joint-Torque Tracking Errors in Task-Space Inverse Dynamics}},
	institution = {Laboratoire d'analyse et d'architecture des syst\`emes (LAAS)},
	pages = {1--15},
	year = {2015}
}

@article {Dietrich_IJRR2015,
	author = {Dietrich, Alexander and Ott, Christian and Albu-Sch\"affer, Alin},
	title = {{An overview of null space projections for redundant, torque-controlled robots}},
	journal = {The International Journal of Robotics Research},
	volume = {34},
	number = {11},
	pages = {1--16},
	year = {2015}
}

@inproceedings {Dietrich_ICRA2016,
	author = {Dietrich, Alexander and Ott, Christian and Stramigioli, Stefano},
	title = {{Passivation of Projection-based Null Space Compliance Control via Energy Tanks}},
	booktitle = {IEEE International Conference on Robotics and Automation (ICRA)},
	address = {Stockholm, Sweden},
	pages = {184--191},
	year = {2016}
}

@inproceedings {Englsberger_IROS2013,
	author = {Englsberger, Johannes and Ott, Christian and Albu-Schaffer, Alin},
	title = {{Three-dimensional bipedal walking control using Divergent Component of Motion}},
	booktitle = {IEEE/RSJ International Conference on Intelligent Robots and Systems (IROS)},
	address = {Tokyo, Japan},
	pages = {2600--2607},
	year = {2013}
}

@inproceedings {Englsberger_Humanoids2015,
	author = {Englsberger, Johannes and Werner, Alexander and Ott, Christian and Henze, Bernd and
						Roa, Maximo A. and Garofalo, Gianluca and Burger, Robert and Beyer, Alexander and
						Eiberger, Oliver and Schmid, Korbinian and Albu-Sch{\"{a}}ffer, Alin},
	title = {{Overview of the torque-controlled humanoid robot TORO}},
	booktitle = {IEEE-RAS International Conference on Humanoid Robots (Humanoids)},
	address = {Madrid, Spain},
	pages = {916--923},
	year = {2015}
}

@inproceedings {Erez_IROS2012,
	author = {Erez, Tom and Todorov, Emanuel},
	title = {{Trajectory optimization for domains with contacts using inverse dynamics}},
	booktitle = {IEEE/RSJ International Conference on Intelligent Robots and Systems (IROS)},
	address = {Vilamoura, Portugal},
	pages = {4914--4919},
	year = {2012}
}

@inproceedings {Escande_ICRA2010,
	author = {Escande, Adrien and Mansard, Nicolas and Wieber, Pierre-Brice},
	title = {{Fast Resolution of Hierarchized Inverse Kinematics with Inequality Constraints}},
	booktitle = {IEEE International Conference on Robotics and Automation (ICRA)},
	address = {Anchorage, AK, USA},
	pages = {3733--3738},
	year = {2010}
}

@incollection {Escande_MotionPlan2010,
	author = {Escande, Adrien and Kheddar, Abderrahmane},
	title = {{Multi-contact Acyclic Motion Planning and Experiments on HRP-2 Humanoid}},
	booktitle = {Motion Planning for Humanoid Robots},
	chapter = {6},
	editor = {Harada, Kensuke and Yoshida, Eiichi and Yokoi, Kazuhito},
	publisher = {Springer},
	pages = {161--180},
	year = {2010}
}

@article {Escande_RobAutoSys2013,
	author = {Escande, Adrien and Kheddar, Abderrahmane and Miossec, Sylvain},
	title = {{Planning contact points for humanoid robots}},
	journal = {Robotics and Autonomous Systems},
	volume = {61},
	number = {5},
	pages = {428--442},
	year = {2013}
}

@article {Escande_IJRR2014,
	author = {Escande, Adrien and Mansard, Nicolas and Wieber, Pierre-Brice},
	title = {{Hierarchical Quadratic Programming: Fast Online Humanoid-Robot Motion Generation}},
	journal = {The International Journal of Robotics Research},
	volume = {33},
	number = {7},
	pages = {1006-1028},
	year = {2014}
}

@inproceedings {Farnioli_ICRA2015,
	author = {Farnioli, Edoardo and Gabiccini, Marco and Bicchi, Antonio},
	title = {{Optimal Contact Force Distribution for Compliant Humanoid Robots in Whole-Body Loco-Manipulation Tasks}},
	booktitle = {IEEE International Conference on Robotics and Automation (ICRA)},
	address = {Seattle, WA, USA},
	pages = {5675--5681},
	year = {2015}
}

@inproceedings {Featherstone_ICRA1999,
	author = {Featherstone, Roy and Thiebaut, Stef Sonck and Khatib, Oussama},
	title = {{A general contact model for dynamically-decoupled force/motion control}},
	booktitle = {IEEE International Conference on Robotics and Automation (ICRA)},
	volume = {4},
	address = {Detroit, MI, USA},
	pages = {3281--3286},
	year = {1999}
}

@inproceedings {Feng_Humanoids2014,
	author = {Feng, Siyuan and Whitman, Eric and Xinjilefu, X. and Atkeson, Christopher G.},
	title = {{Optimization Based Full Body Control for the Atlas Robot}},
	booktitle = {IEEE-RAS International Conference on Humanoid Robots (Humanoids)},
	address = {Madrid, Spain},
	pages = {120--127},
	year = {2014}
}

@article {Fok_IJHR2016,
	author = {Fok, Chien-Liang and Johnson, Gwendolyn and Yamokoski, Jhon D. and Mok, Aloysius and Sentis, Luis},
	title = {{ControlIt! - A Software Framework for Whole-Body Operational Space Control}},
	journal = {International Journal of Humanoid Robotics},
	volume = {13},
	number = {1},
	year = {2016}
}

@inproceedings {Fujimoto_ICRA1996,
	author = {Fujimoto, Yasutaka and Kawamura, Atsuo},
	title = {{Proposal of biped walking control based on robust hybrid position/force control}},
	booktitle = {IEEE International Conference on Robotics and Automation (ICRA)},
	volume = {3},
	address = {Minneapolis, MN, USA},
	pages = {2724--2730},
	year = {1996}
}

@article {Gams_Robotica2015,
	author = {Gams, Andrej and van den Kieboom, Jesse and Dzeladini, Florin and Ude, Ales and Ijspeert, Auke Jan},
	title = {{Real-time full body motion imitation on the COMAN humanoid robot}},
	journal = {Robotica},
	volume = {33},
	number = {5},
	pages = {1049--1061},
	year = {2015}
}

@article {Gardner_DSMC1990,
	author = {Gardner, John F. and Srinivasan, Krishnaswamy},
	title = {{A solution for the force distribution problem in redundantly actuated closed kinematic chains}},
	journal = {Journal of Dynamic Systems, Measurement, and Control},
	volume = {112},
	number = {3},
	pages = {523--526},
	year = {1990}
}

@article {Gardner_DSMC1991,
	author = {Gardner, John F.},
	title = {{Force Distribution in Walking Machines Over Rough Terrain}},
	journal = {Journal of Dynamic Systems, Measurement, and Control},
	volume = {113},
	number = {4},
	pages = {754--758},
	year = {1991}
}

@inproceedings {Harada_ICRA2003,
	author = {Harada, Kensuke and Kajita, Shuuji and Kaneko, Kenji and Hirukawa, Hirohisa},
	title = {{Pushing Manipulation by Humanoid considering Two-Kinds of ZMPs}},
	booktitle = {IEEE International Conference on Robotics and Automation (ICRA)},
	volume = {2},
	address = {Taipei, Taiwan},
	pages = {1627--1632},
	year = {2003}
}

@inproceedings {Harada_IROS2003,
	author = {Harada, Kensuke and Kajita, Shuuji and Kaneko, Kenji and Hirukawa, Hirohisa},
	title = {{ZMP Analysis for Arm / Leg Coordination}},
	booktitle = {IEEE/RSJ International Conference on Intelligent Robots and Systems (IROS)},
	address = {Las Vegas, NV, USA},
	pages = {75--81},
	year = {2003}
}

@inproceedings {Harada_IROS2004,
	author = {Harada, Kensuke and Hirukawa, Hirohisa and Kanehiro, Fumio and Fujiwara, Kiyoshi and
						Kaneko, Kenji and Kajita, Shuuji and Nakamura, Masaru},
	title = {{Dynamical Balance of a Humanoid Robot Grasping an Environment}},
	booktitle = {IEEE/RSJ International Conference on Intelligent Robots and Systems (IROS)},
	address = {Sendai, Japan},
	pages = {1167--1173},
	year = {2004}
}

@article {Hargraves_GuidControlDyn1987,
	author = {Hargraves, Charles R. and Paris, Steve W.},
	title = {{Direct Trajectory Optimization Using Nonlinear Programming and Collocation}},
	journal = {Journal of Guidance, Control, and Dynamics},
	volume = {10},
	number = {4},
	pages = {338--342},
	year = {1987}
}

@inproceedings {Hauser_Humanoids2005,
	author = {Hauser, Kris and Bretl, Tim and Latombe, Jean-Claude},
	title = {{Non-Gaited Humanoid Locomotion Planning}},
	booktitle = {IEEE-RAS International Conference on Humanoid Robots (Humanoids)},
	address = {Tsukuba, Japan},
	pages = {7--12},
	year = {2005}
}

@inproceedings {Henze_IROS2014,
	author = {Henze, Bernd and Ott, Christian and Roa, Maximo A.},
	title = {{Posture and Balance Control for Humanoid Robots in Multi-Contact Scenarios Based on
						Model Predictive Control}},
	booktitle = {IEEE/RSJ International Conference on Intelligent Robots and Systems (IROS)},
	address = {Chicago, IL, USA},
	pages = {3253--3258},
	year = {2014}
}

@inproceedings {Henze_ICRA2016,
	author = {Henze, Bernd and Dietrich, Alexander and Ott, Christian},
	title = {{An Approach to Combine Balancing with Hierarchical Whole-Body Control for Legged Humanoid Robots}},
	booktitle = {IEEE International Conference on Robotics and Automation (ICRA)},
	address = {Stockholm, Sweden},
	pages = {700--707},
	year = {2016}
}

@article {Henze_IJRR2016,
	author = {Henze, Bernd and Roa, Maximo A. and Ott, Christian},
	title = {{Passivity-based whole-body balancing for torque-conrolled humanoid robots in multi-contact scenarios}},
	journal = {The International Journal of Robotics Research},
	pages = {1--22},
	year = {2016}
}

@inproceedings {Hereid_ICRA2016,
	author = {Hereid, Ayonga and Cousineau, Eric A. and Hubicki, Christian M. and Ames, Aaron D.},
	title = {{3D Dynamic Walking with Underactuated Humanoid Robots:
						A Direct Collocation Framework for Optimizing Hybrid Zero Dynamics}},
	booktitle = {IEEE International Conference on Robotics and Automation (ICRA)},
	address = {Stockholm, Sweden},
	pages = {1447--1454},
	year = {2016}
}

@inproceedings {Herzog_IROS2014,
	author = {Herzog, Alexander and Righetti, Ludovic and Grimminger, Felix and Pastor, Peter and Schaal, Stefan},
	title = {{Balancing experiments on a torque-controlled humanoid with hierarchical inverse dynamics}},
	booktitle = {IEEE/RSJ International Conference on Intelligent Robots and Systems (IROS)},
	address = {Chicago, IL, USA},
	pages = {981--988},
	year = {2014}
}

@inproceedings {Herzog_Humanoids2015,
	author = {Herzog, Alexander and Rotella, Nicholas and Schaal, Stefan and Righetti, Ludovic},
	title = {{Trajectory generation for multi-contact momentum control}},
	booktitle = {IEEE-RAS International Conference on Humanoid Robots (Humanoids)},
	address = {Seoul, South Korea},
	pages = {874--880},
	year = {2015}
}

@inproceedings {Herzog_DynWalk2015,
	author = {Herzog, Alexander and Rotella, Nicholas and Mason, Sean and Grimminger, Felix and
						Schaal, Stefan and Righetti, Ludovic},
	title = {{Multi-Contact Interaction with Hierarchical Inverse Dynamics and Momentum Trajectory Generation}},
	booktitle = {Dynamic Walking},
	address = {Columbus, OH, USA},
	year = {2015}
}

@article {Herzog_AutoRobots2016,
	author = {Herzog, Alexander and Rotella, Nicholas and Mason, Sean and Grimminger, Felix and Schaal, Stefan and Righetti, Ludovic},
	title = {{Momentum Control with Hierarchical Inverse Dynamics on a Torque-Controlled Humanoid}},
	journal = {Autonomous Robots},
	volume = {40},
	number = {3},
	pages = {473--491},
	year = {2016}
}

@inproceedings {Hogan_AmericanCtrlConf1984,
	author = {Hogan, Neville},
	title = {{Impedance Control: An Approach to Manipulation}},
	booktitle = {American Control Conference},
	address = {San Diego, CA, USA},
	pages = {304--313},
	year = {1984}
}

@inproceedings {Hopkins_ICRA2015,
	author = {Hopkins, Michael A. and Hong, Dennis W. and Leonessa, Alexander},
	title = {{Compliant Locomotion Using Whole-Body Control and Divergent Component of Motion Tracking}},
	booktitle = {IEEE International Conference on Robotics and Automation (ICRA)},
	address = {Seattle, WA, USA},
	pages = {5726--5733},
	year = {2015}
}

@article {Hopkins_IJHR2016,
	author = {Hopkins, Michael A. and Leonessa, Alexander and Lattimer, Brian Y. and Hong, Dennis W.},
	title = {{Optimization-Based Whole-Body Control of a Series Elastic Humanoid Robot}},
	journal = {International Journal of Humanoid Robotics},
	volume = {13},
	number = {1},
	year = {2016}
}

@article {Hung_SysManCyb2000,
	author = {Hung, Min-Hsiung and Orin, David E. and Waldron, Kenneth J.},
	title = {{Efficient formulation of the force distribution equations for general tree-structured
						robotic mechanisms with a mobile base}},
	journal = {IEEE Transactions on Systems, Man, and Cybernetics},
	volume = {30},
	number = {4},
	pages = {529--538},
	year = {2000}
}

@inproceedings {Hyon_Humanoids2006,
	author = {Hyon, Sang-Ho and Cheng, Gordon},
	title = {{Gravity Compensation and Full-Body Balancing for Humanoid Robots}},
	booktitle = {IEEE-RAS International Conference on Humanoid Robots (Humanoids)},
	address = {Genova, Italy},
	pages = {214--221},
	year = {2006}
}

@inproceedings {Hyon_IROS2006,
	author = {Hyon, Sang-Ho and Cheng, Gordon},
	title = {{Passivity-Based Full-Body Force Control for Humanoids and Application to Dynamic Balancing and Locomotion}},
	booktitle = {IEEE/RSJ International Conference on Intelligent Robots and Systems (IROS)},
	address = {Beijing, China},
	pages = {4915--4922},
	year = {2006}
}

@inproceedings {Hyon_ICRA2007,
	author = {Hyon, Sang-Ho and Cheng, Gordon},
	title = {{Disturbance Rejection for Biped Humanoids}},
	booktitle = {IEEE International Conference on Robotics and Automation (ICRA)},
	address = {Rome, Italy},
	pages = {2668--2675},
	year = {2007}
}

@article {Hyon_TransRobotics2007,
	author = {Hyon, Sang-Ho and Hale, Joshua G. and Cheng, Gordon},
	title = {{Full-Body Compliant Human-Humanoid Interaction: Balancing in the Presence of Unknown External Forces}},
	journal = {IEEE Transactions on Robotics},
	volume = {23},
	number = {5},
	pages = {884--898},
	year = {2007}
}

@inproceedings {Hyon_ICRA2009,
	author = {Hyon, Sang-Ho and Osu, Rieko and Otaka, Yohei},
	title = {{Integration of multi-level postural balancing on humanoid robots}},
	booktitle = {IEEE International Conference on Robotics and Automation (ICRA)},
	address = {Kobe, Japan},
	pages = {1549--1556},
	year = {2009}
}
	

@article {Hyon_TransRobotics2009,
	author = {Hyon, Sang-Ho},
	title = {{Compliant Terrain Adaptation for Biped Humanoids Without Measuring Ground Surface and Contact Forces}},
	journal = {IEEE Transactions on Robotics},
	volume = {25},
	number = {1},
	pages = {171--178},
	year = {2009}
}

@inproceedings {Inoue_ICRA2000,
	author = {Inoue, Kenji and Yoshida, Harumasa and Arai, Tatsuo and Mae, Yasushi},
	title = {{Mobile manipulation of humanoids - real-time control based on manipulability and stability}},
	booktitle = {IEEE International Conference on Robotics and Automation (ICRA)},
	volume = {3},
	address = {San Francisco, CA, USA},
	pages = {2217--2222},
	year = {2000}
}

@inproceedings {Jeong_IROS2009,
	author = {Jeong, Jae Won and Chang, Pyung Hun},
	title = {{A Task-priority Based Framework for Multiple Tasks in Highly Redundant Robots}},
	booktitle = {IEEE/RSJ International Conference on Intelligent Robots and Systems (IROS)},
	address = {},
	pages = {5886--5891},
	year = {2009}
}

@inproceedings {Kajita_IROS2003,
	author = {Kajita, Shuuji and Kanehiro, Fumio and Kaneko, Kenji and Fujiwara, Kiyoshi and
						Harada, Kensuke and Yokoi, Kazuhito and Hirukawa, Hirohisa},
	title = {{Resolved Momentum Control: Humanoid Motion Planning based on the Linear and Angular Momentum}},
	booktitle = {IEEE/RSJ International Conference on Intelligent Robots and Systems (IROS)},
	volume = {2},
	address = {Las Vegas, NV, USA},
	pages = {1644--1650},
	year = {2003}
}

@article {Khatib_RoboticsAuto1987,
	author = {Khatib, Oussama},
	title = {{A Unified Approach for Motion and Force Control of Robot Manipulators:
						The Operational Space Formulation}},
	journal = {IEEE Journal on Robotics and Automation},
	volume = {3},
	number = {1},
	pages = {43--53},
	year = {1987}
}

@article {Khatib_IJHR2004,
	author = {Khatib, Oussama and Sentis, Luis and Park, Jae-Heung and Warren, James},
	title = {{Whole-Body Dynamic Behavior and Control of Human-Like Robots}},
	journal = {International Journal of Humanoid Robotics},
	volume = {1},
	number = {1},
	pages = {29--43},
	year = {2004}
}

@article {Khatib_IJRR1995,
	author = {Khatib, Oussama},
	title = {{Inertial Properties in Robotic Manipulation: An Object-Level Framework}},
	journal = {The International Journal of Robotics Research},
	volume = {14},
	number = {1},
	pages = {19--36},
	year = {1995}
}

@inproceedings {Khatib_ICRA2008,
	author = {Khatib, Oussama and Thaulad, Peter and Yoshikawa, Taizo and Park, Jae-Heung},
	title = {{Torque-Position Transformer for Task Control of Position Controlled Robots}},
	booktitle = {IEEE International Conference on Robotics and Automation (ICRA)},
	address = {Pasadena, CA, USA},
	pages = {1729--1734},
	year = {2008}
}

@incollection {Khatib_EuroRobSymp2008,
	author = {Khatib, Oussama and Sentis, Luis and Park, Jae-Heung},
	title = {{A Unified Framework for Whole-Body Humanoid Robot Control with Multiple Constraints and Contacts}},
	booktitle = {European Robotics Symposium},
	editor = {Bruyninckx, Herman and Preucil, Libor and Kulich, Miroslav},
	publisher = {Springer},
	pages = {303--312},
	year = {2008}
}

@article {Klein_RoboticsAuto1990,
	author = {Klein, Charles A. and Kittivatcharapong, Sakon},
	title = {{Optimal force distribution for the legs of a walking machine with friction cone constraints}},
	journal = {IEEE Transactions on Robotics and Automation},
	volume = {6},
	number = {1},
	pages = {73--85},
	year = {1990}
}

@inproceedings {Koenemann_IROS2015,
	author = {Koenemann, Jonas and Prete, Andrea Del and Tassa, Yuval and Todorov, Emanuel and
						Stasse, Olivier and Bennewitz, Maren and Mansard, Nicolas},
	title = {{Whole-body Model-Predictive Control applied to the HRP-2 Humanoid}},
	booktitle = {IEEE/RSJ International Conference on Intelligent Robots and Systems (IROS)},
	address = {Hamburg, Germany},
	pages = {3346--3351},
	year = {2015}
}

@inproceedings {Koolen_Humanoids2013,
	address = {Atlanta, GA, USA},
	author = {Koolen, Twan and Smith, Jesper and Thomas, Gray and Bertrand, Sylvain and Carff, John and
						Mertins, Nathan and Stephen, Douglas and Abeles, Peter and Englsberger, Johannes and
						McCrory, Stephen and {Van Egmond}, Jeff and Griffioen, Maarten and Floyd, Marshall and
						Kobus, Samantha and Manor, Nolan and Alsheikh, Sami and Duran, Daniel and Bunch, Larry and
						Morphis, Eric and Colasanto, Luca and Hoang, Khai-Long Ho and Layton, Brooke and
						Neuhaus, Peter and Johnson, Matthew and Pratt, Jerry},
	booktitle = {IEEE-RAS International Conference on Humanoid Robots (Humanoids)},
	pages = {307--314},
	title = {{Summary of Team IHMC's Virtual Robotics Challenge Entry}},
	year = {2013}
}

@article {Koolen_IJHR2016,
	author = {Koolen, Twan and Bertrand, Sylvain and Thomas, Gray and de Boer, Tomas and Wu, Tingfan and
						Smith, Jesper and Englsberger, Johannes and Pratt, Jerry},
	title = {{Design of a Momentum-Based Control Framework and Application to the Humanoid Robot Atlas}},
	journal = {International Journal of Humanoid Robotics},
	number = {1},
	volume = {13},
	year = {2016}
}

@inproceedings {Kudoh_IROS2002,
	author = {Kudoh, Shunsuke and Komura, Taku and Ikeuchi, Katsushi},
	title = {{The Dynamic Postural Adjustment with the Quadratic Programming Method}},
	booktitle = {IEEE/RSJ International Conference on Intelligent Robots and Systems (IROS)},
	volume = {3},
	address = {Lausanne, Switzerland},
	pages = {2563--2568},
	year = {2002}
}

@inproceedings {Kudruss_Humanoids2015,
	author = {Kudruss, Manuel and Naveau, Mika{\"{e}}l and Stasse, Olivier and Mansard, Nicolas and
						Kirches, Christian and Sou{\`{e}}res, Philippe and Mombaur, Katja},
	title = {{Optimal Control for Whole-Body Motion Generation using Center-of-Mass Dynamics for
						Predefined Multi-Contact Configurations}},
	booktitle = {IEEE-RAS International Conference on Humanoid Robots (Humanoids)},
	pages = {684--689},
	address = {Seoul, South Korea},
	year = {2015}
}

@inproceedings {Kuindersma_ICRA2014,
	author = {Kuindersma, Scott and Permenter, Frank and Tedrake, Russ},
	title = {{An Efficiently Solvable Quadratic Program for Stabilizing Dynamic Locomotion}},
	booktitle = {IEEE International Conference on Robotics and Automation (ICRA)},
	address = {Hong Kong, China},
	pages = {2589--2594},
	year = {2014}
}

@article {Kumar_MechDesign1990,
	author = {Kumar, Vijay R. and Waldron, Kenneth J.},
	title = {{Force Distribution in Walking Vehicles}},
	journal = {Journal of Mechanical Design},
	volume = {112},
	number = {1},
	pages = {90--99},
	year = {1990}
}

@inproceedings {Kwon_SICE1996,
	author = {Kwon, Woong and Lee, Beom-Hee},
	title = {{Force Optimization of Multiple Cooperating Robots Rigidly Holding a Common Object Using Dual Method}},
	booktitle = {SICE Annual Conference},
	address = {Tottori, Japan},
	pages = {1215--1220},
	year = {1996}
}

@article {Kwon_IntellRobotSys1998,
	author = {Kwon, Woong and Lee, Beom-Hee},
	title = {{A New Optimal Force Distribution Scheme of Multiple Cooperating Robots Using Dual Method}},
	journal = {Journal of Intelligent and Robotic Systems},
	volume = {21},
	number = {4},
	pages = {301--326},
	year = {1998}
}

@inproceedings {Lack_ICRA2014,
	author = {Lack, Jordan and Powell, Matthew J. and Ames, Aaron D.},
	title = {{Planar Multi-Contact Bipedal Walking Using Hybrid Zero Dynamics}},
	booktitle = {IEEE International Conference on Robotics and Automation (ICRA)},
	address = {Hong Kong, China},
	pages = {2582--2588},
	year = {2014}
}

@inproceedings {Lakatos_IROS2013,
	author = {Lakatos, Dominic and G{\"{o}}rner, Martin and Petit, Florian and Dietrich, Alexander and
						Albu-Sch{\"{a}}ffer, Alin},
	title = {{A Modally Adaptive Control for Multi-Contact Cyclic Motions in Compliantly Actuated Robotic Systems}},
	booktitle = {IEEE/RSJ International Conference on Intelligent Robots and Systems (IROS)},
	address = {Tokyo, Japan},
	pages = {5388--5395},
	year = {2013}
}

@inproceedings {LeeG_IROS2015,
	author = {Lee, Gilwoo and Lozano-P{\'{e}}rez, Tom{\'{a}}s and Kaelbling, Leslie Pack},
	title = {{Hierarchical planning for multi-contact non-prehensile manipulation}},
	booktitle = {IEEE/RSJ International Conference on Intelligent Robots and Systems (IROS)},
	address = {Hamburg, Germany},
	pages = {264--271},
	year = {2015}
}

@inproceedings {LeeJ_ICRA2016,
	author = {Lee, Jinoh and Dallali, Houman and Jin, Maloin and Caldwell, Darwin G. and Tsagarakis, Nikos G.},
	title = {{Robust and Adaptive Whole-body Controller for Humanoids with Multiple Tasks under
						Uncertain Disturbances}},
	booktitle = {IEEE International Conference on Robotics and Automation (ICRA)},
	address = {Stockholm, Sweden},
	pages = {5683--5689},
	year = {2016}
}

@inproceedings {LeeS_IROS2010,
	author = {Lee, Sung Hee and Goswami, Ambarish},
	title = {{Ground reaction force control at each foot:
						A momentum-based humanoid balance controller for non-level and non-stationary ground}},
	booktitle = {IEEE/RSJ International Conference on Intelligent Robots and Systems (IROS)},
	pages = {3157--3162},
	year = {2010}
}

@article {LeeS_AutoRobots2012,
	author = {Lee, Sung Hee and Goswami, Ambarish},
	title = {{A Momentum-based Balance Controller for Humanoid Robots on Non-level and Non-stationary Ground}},
	journal = {Autonomous Robots},
	volume = {33},
	number = {4},
	pages = {399--414},
	year = {2012}
}

@inproceedings {Lengagne_IROS2010,
	author = {Lengagne, S{\'{e}}bastien and Mathieu, Paul and Kheddar, Abderrahmane and Yoshida, Eiichi},
	title = {{Generation of Dynamic Motions Under Continuous Constraints:
						Efficient Computation Using	B-Splines and Taylor polynomials}},
	booktitle = {IEEE/RSJ International Conference on Intelligent Robots and Systems (IROS)},
	address = {Taipei, Taiwan},
	pages = {698--703},
	year = {2010}
}

@inproceedings {Lengagne_Humanoids2010,
	author = {Lengagne, S{\'{e}}bastien and Mathieu, Paul and Kheddar, Abderrahmane and Yoshida, Eiichi},
	title = {{Generation of Dynamic Multi-Contact Motions: 2D case studies}},
	booktitle = {IEEE-RAS International Conference on Humanoid Robots (Humanoids)},
	address = {Nashville, TN, USA},
	pages = {14--20},
	year = {2010}
}

@article {Lengagne_IJRR2013,
	author = {Lengagne, S{\'{e}}bastien and Vaillant, Joris and Yoshida, Eiichi and Kheddar, Abderrahmane},
	title = {{Generation of whole-body optimal dynamic multi-contact motions}},
	journal = {The International Journal of Robotics Research},
	volume = {32},
	number = {9-10},
	pages = {1104--1119},
	year = {2013}
}

@article {LiuH_RoboticSystems1997,
	author = {Liu, Hong-Yi and Wen, Bang-Chun},
	title = {{Force Distribution for the Legs of a Quadruped Walking Vehicle}},
	journal = {Journal of Robotic Systems},
	volume = {14},
	number = {1},
	pages = {1--8},
	year = {1997}
}

@article {LiuY_TransRoboticsAuto1999,
	author = {Liu, Yun-Hui},
	title = {{Qualitative test and force optimization of 3-D frictional form-closure grasps using linear programming}},
	journal = {IEEE Transactions on Robotics and Automation},
	volume = {15},
	number = {1},
	pages = {163--173},
	year = {1999}
}

@article {LiuT_TransAutomScEn2005,
	author = {Liu, Tong and Wang, Michael Yu},
	title = {{Computation of Three-Dimensional Rigid-Body Dynamics With Multiple Unilateral Contacts
						Using Time-Stepping and	Gauss–Seidel Methods}},
	journal = {IEEE Transactions on Automation Science and Engineering},
	volume = {2},
	number = {1},
	pages = {19--31},
	year = {2005}
}

@inproceedings {LiuC_Humanoids2015,
	author = {Liu, Chenggang and Atkeson, Christopher G. and Feng, Siyuan and Xinjilefu, X.},
	title = {{Full-body Motion Planning and Control for The Car Egress Task of the DARPA Robotics Challenge}},
	booktitle = {IEEE-RAS International Conference on Humanoid Robots (Humanoids)},
	address = {Seoul, South Korea},
	pages = {527--532},
	year = {2015}
}

@inproceedings {LiuM_IROS2015,
	author = {Liu, Mingxing and Padois, Vincent},
	title = {{Reactive whole-body control for humanoid balancing on non-rigid unilateral contacts}},
	booktitle = {IEEE/RSJ International Conference on Intelligent Robots and Systems (IROS)},
	address = {Hamburg, Germany},
	pages = {3981--3987},
	year = {2015}
}

@article {Mansard_TransRobotics2009,
	author = {Mansard, Nicolas and Khatib, Oussama and Kheddar, Abderrahmane},
	title = {{A Unified Approach to Integrate Unilateral Constraints in the Stack of Tasks}},
	journal = {IEEE Transactions on Robotics},
	volume = {25},
	number = {3},
	pages = {670--685},
	year = {2009}
}

@inproceedings {Mansard_ICRA2012,
	author = {Mansard, Nicolas},
	title = {{A Dedicated Solver for Fast Operational-Space Inverse Dynamics}},
	booktitle = {IEEE International Conference on Robotics and Automation (ICRA)},
	address = {Saint Paul, MN, USA},
	pages = {4943--4949},
	year = {2012}
}

@inproceedings {Metta_PerMIS2008,
	author = {Metta, Giorgio and Sandini, Giulio and Vernon, David and Natale, Lorenzo and Nori, Francesco},
	title = {{The iCub humanoid robot: an open platform for research in embodied cognition}},
	booktitle = {Workshop on Performance Metrics for Intelligent Systems (PerMIS)},
	address = {Washington, DC, USA},
	pages = {50--56},
	year = {2008}
}

@inproceedings {Mistry_IROS2007,
	author = {Mistry, Michael and Nakanishi, Jun and Schaal, Stefan},
	title = {{Task Space Control with Prioritization for Balance and Locomotion}},
	booktitle = {IEEE/RSJ International Conference on Intelligent Robots and Systems (IROS)},
	address = {San Diego, CA, USA},
	pages = {331--338},
	year = {2007}
}

@inproceedings {Mistry_ICRA2010,
	author = {Mistry, Michael and Buchli, Jonas and Schaal, Stefan},
	title = {{Inverse Dynamics Control of Floating Base Systems Using Orthogonal Decomposition}},
	booktitle = {IEEE International Conference on Robotics and Automation (ICRA)},
	address = {Anchorage, AK, USA},
	pages = {3406--3412},
	year = {2010}
}

@inproceedings{Mistry_RSS2011,
	author = {Mistry, Michael and Righetti, Ludovic},
	title = {{Operational Space Control of Constrained and Underactuated Systems}},
	booktitle = {Robotics: Science and Systems (RSS)},
	address = {Los Angeles, CA, USA},
	year = {2011}
}

@article {Mordatch_SIGGRAPH2012,
	author = {Mordatch, Igor and Todorov, Emanuel and Popovi{\'{c}}, Zoran},
	title = {{Discovery of Complex Behaviors through Contact-Invariant Optimization}},
	journal = {ACM Transactions on Graphics (SIGGRAPH)},
	volume = {31},
	number = {4},
	year = {2012}
}

@inproceedings {Moro_Humanoids2013,
	author = {Moro, Federico L. and Gienger, Michael and Goswami, Ambarish and Tsagarakis, Nikos G. and Caldwell, Darwin G.},
	title = {{An Attractor-based Whole-Body Motion Control (WBMC) System for Humanoid Robots}},
	booktitle = {IEEE-RAS International Conference on Humanoid Robots (Humanoids)},
	address = {Atlanta, GA, USA},
	pages = {42--49},
	year = {2013}
}

@inproceedings {Moro_Humanoids2015,
	author = {Moro, Federico L},
	title = {{Use of Gravitational Stiffness in an Attractor-Based Whole-Body Motion Control Approach}},
	booktitle = {IEEE-RAS International Conference on Humanoid Robots (Humanoids)},
	address = {Seoul, South Korea},
	pages = {421--427},
	year = {2015}
}

@article {Moro_IJHR2016,
	author = {Moro, Federico L.},
	title = {{Balancing While Executing Competing Reaching Tasks:
						An Attractor-Based Whole-Body Motion Control System Using Gravitational Stiffness}},
	journal = {International Journal of Humanoid Robotics},
	volume = {13},
	number = {1},
	year = {2016}
}

@article {Mukherjee_MechDesign1992,
	author = {Mukherjee, Sudipto and Waldron, Kenneth J.},
	title = {{An Exact Optimization of Interaction Forces in Three-Fingered Manipulation}},
	journal = {Journal of Mechanical Design},
	volume = {114},
	number = {1},
	pages = {48--54},
	year = {1992}
}

@inproceedings {Nagasaka_RobotSymp2012,
	author = {Nagasaka, Ken'ichiro and Fukushima, Tetsuharu and Shimomura, Hideki},
	title = {{Whole-body Control of a Humanoid Robot Based on Generalized Inverse Dynamics and
						Multi-contact Stabilizer that can Take Account of Contact Constraints}},
	booktitle = {Robotics Symposia},
	publisher = {The Robotics Society of Japan},
	address = {Hagi, Japan},
	year = {2012}
}

@article {Nahon_TransRoboticsAuto1992,
	author = {Nahon, Meyer A. and Angeles, Jorge},
	title = {{Real-time force optimization in parallel kinematic chains under inequality constraints}},
	journal = {IEEE Transactions on Robotics and Automation},
	volume = {8},
	number = {4},
	pages = {439--450},
	year = {1992}
}

@inproceedings {Nakamura_ICRA1987,
	author = {Nakamura, Yoshihiko and Nagai, Kiyoshi and Yoshikawa, Tsuneo},
	title = {{Mechanics of coordinative manipulation by multiple robotic mechanisms}},
	booktitle = {IEEE International Conference on Robotics and Automation (ICRA)},
	volume = {4},
	address = {Raleigh, NC, USA},
	pages = {991--998},
	year = {1987}
}

@article {Nakamura_IJRR1987,
	author = {Nakamura, Yoshihiko and Hanafusa, Hideo and Yoshikawa, Tsuneo},
	title = {{Task-Priority Based Redundancy Control of Robot Manipulators}},
	journal = {The International Journal of Robotics Research},
	volume = {6},
	number = {2},
	pages = {3--15},
	year = {1987}
}

@inproceedings {Nakanishi_ICRA2007,
	author = {Nakanishi, Jun and Mistry, Michael and Schaal, Stefan},
	title = {{Inverse Dynamics Control with Floating Base and Constraints}},
	booktitle = {IEEE International Conference on Robotics and Automation (ICRA)},
	address = {Rome, Italy},
	pages = {1942--1947},
	year = {2007}
}

@article {Nori_FrontRobAI2015,
	author = {Nori, Francesco and Traversaro, Silvio and Eljaik, Jorhabib and Romano, Francesco and
						{Del Prete}, Andrea and Pucci, Daniele},
	title = {{iCub whole-body control through force regulation on rigid non-coplanar contacts}},
	journal = {Frontiers in Robotics and AI},
	volume = {2},
	number = {March},
	pages = {1--18},
	year = {2015}
}

@article {Or_IJRR2006,
	author = {Or, Yizhar and Rimon, Elon},
	title = {{Computation and Graphical Characterization of Robust Multiple-Contact Postures
						in Two-Dimensional Gravitational Environments}},
	journal = {The International Journal of Robotics Research},
	volume = {25},
	number = {11},
	pages = {1071--1086},
	year = {2006}
}

@article {Orin_DSMC1981,
	author = {Orin, David E. and Oh, Sang-Youp},
	title = {{Control of Force Distribution in Robotic Mechanisms Containing Closed Kinematic Chains}},
	journal = {Journal of Dynamic Systems, Measurement, and Control},
	volume = {103},
	number = {2},
	pages = {134--141},
	year = {1981}
}

@incollection {Orin_AdvRobotics1989,
	author = {Orin, David E. and Cheng, Fan-Tien},
	title = {{General Dynamic Formulation of the Force Distribution Equations}},
	booktitle = {Advanced Robotics},
	editor = {Waldron, Kenneth J.},
	publisher = {Springer Berlin Heidelberg},
	pages = {525--546},
	year = {1989}
}

@inproceedings {Orin_IROS2008,
	author = {Orin, David E. and Goswami, Ambarish},
	title = {{Centroidal Momentum Matrix of a Humanoid Robot: Structure and Properties}},
	booktitle = {IEEE/RSJ International Conference on Intelligent Robots and Systems (IROS)},
	address = {Nice, France},
	pages = {653--659},
	year = {2008}
}

@article {Orin_AutoRobots2013,
	author = {Orin, David E. and Goswami, Ambarish and Lee, Sung Hee},
	title = {{Centroidal dynamics of a humanoid robot}},
	journal = {Autonomous Robots},
	volume = {35},
	number = {2-3},
	pages = {161--176},
	year = {2013}
}

@inproceedings {Ott_Humanoids2011,
	author = {Ott, Christian and Roa, Maximo A. and Hirzinger, Gerd},
	title = {{Posture and Balance Control for Biped Robots based on Contact Force Optimization}},
	booktitle = {IEEE-RAS International Conference on Humanoid Robots (Humanoids)},
	address = {Bled, Slovenia},
	pages = {26--33},
	year = {2011}
}

@inproceedings {Park_ICRA2004,
	author = {Park, Jae-Heung and Cortes{\~{a}}o, Rui and Khatib, Oussama},	
	title = {{Multi-Contact Compliant Motion Control for Robotic Manipulators}},
	booktitle = {IEEE International Conference on Robotics and Automation (ICRA)},
	volume = {5},
	address = {New Orleans, LA, USA},
	pages = {4789--4794},
	year = {2004}
}

@inproceedings {Park_ICRA2005,
	author = {Park, Jae-Heung and Khatib, Oussama},
	title = {{Multi-Link Multi-Contact Force Control for Manipulators}},
	booktitle = {IEEE International Conference on Robotics and Automation (ICRA)},
	address = {Barcelona, Spain},
	pages = {3624--3629},
	year = {2005}
}

@inproceedings {Park_ICRA2006,
	author = {Park, Jae-Heung and Khatib, Oussama},
	title = {{Contact Consistent Control Framework for Humanoid Robots}},
	booktitle = {IEEE International Conference on Robotics and Automation (ICRA)},
	address = {Orlando, FL, USA},
	pages = {1963--1969},
	year = {2006}
}

@phdthesis {Park_PhDThesis2006,
	author = {Park, Jae-Heung},
	title = {{Control Strategies for Robots in Contact}},
	school = {Stanford University},
	type = {{PhD Thesis}},
	year = {2006}
}

@article {Park_Robotica2008,
	author = {Park, Jae-Heung and Khatib, Oussama},
	title = {{Robot multiple contact control}},
	journal = {Robotica},
	volume = {26},
	number = {5},
	pages = {667--677},
	year = {2008}
}

@article {Peters_AutoRobots2008,
	author = {Peters, Jan and Mistry, Michael and Udwadia, Firdaus and Nakanishi, Jun and Schaal, Stefan},
	title = {{A unifying framework for robot control with redundant DOFs}},
	journal = {Autonomous Robots},
	volume = {24},
	number = {1},
	pages = {1--12},
	year = {2008}
}

@inproceedings {Petrovskaya_ICRA2007,
	author = {Petrovskaya, Anna and Park, Jae-Heung and Khatib, Oussama},
	title = {{Probabilistic Estimation of Whole Body Contacts for Multi-Contact Robot Control}},
	booktitle = {IEEE International Conference on Robotics and Automation (ICRA)},
	address = {Rome, Italy},
	pages = {568--573},
	year = {2007}
}

@inproceedings {Philippsen_IROS2011,
	author = {Philippsen, Roland and Sentis, Luis and Khatib, Oussama},
	title = {{An Open Source Extensible Software Package to Create Whole-Body Compliant Skills
						in Personal Mobile Manipulators}},
	booktitle = {IEEE/RSJ International Conference on Intelligent Robots and Systems (IROS)},
	address = {San Francisco, CA, USA},
	pages = {1036--1041},
	year = {2011}
}

@inproceedings {Posa_WAFR2012,
	author = {Posa, Michael and Tedrake, Russ},
	title = {{Direct Trajectory Optimization of Rigid Body Dynamical Systems Through Contact}},
	booktitle = {International Workshop on the Algorithmic Foundations of Robotics (WAFR)},
	volume = {X},
	publisher = {Springer Berlin Heidelberg},
	address = {Cambridge, MA, USA},
	pages = {527--542},
	year = {2012}
}

@inproceedings {Posa_HSCC2013,
	author = {Posa, Michael and Tobenkin, Mark and Tedrake, Russ},
	title = {{Lyapunov Analysis of Rigid Body Systems with Impacts and Friction via Sums-of-Squares}},
	booktitle = {International Conference on Hybrid Systems: Computation and Control (HSCC)},
	address = {Philadelphia, PA, USA},
	pages = {63--72},
	year = {2013}
}

@inproceedings {Posa_ICRA2016,
	author = {Posa, Michael and Kuindersma, Scott and Tedrake, Russ},
	title = {{Optimization and stabilization of trajectories for constrained dynamical systems}},
	booktitle = {IEEE International Conference on Robotics and Automation (ICRA)},
	address = {Stockholm, Sweden},
	pages = {1366--1373},
	year = {2016}
}

@article {Posa_TransAutoControl2016,
	author = {Posa, Michael and Tobenkin, Mark and Tedrake, Russ},
	title = {{Stability Analysis and Control of Rigid-Body Systems with Impacts and Friction}},
	journal = {IEEE Transactions on Automatic Control},
	volume = {61},
	number = {6},
	pages = {1423--1437},
	year = {2016}
}

@inproceedings {Pratt_Humanoids2006,
	author = {Pratt, Jerry and Carff, John and Drakunov, Sergey and Goswami, Ambarish},
	title = {{Capture Point: A step toward Humanoid Push Recovery}},
	booktitle = {IEEE-RAS International Conference on Humanoid Robots (Humanoids)},
	address = {Genoa, Italy},
	pages = {200--207},
	year = {2006}
}

@article {Posa_IJRR2013,
	author = {Posa, Michael and Cantu, Cecilia and Tedrake, Russ},
	title = {{A Direct Method for Trajectory Optimization of Rigid Bodies Through Contact}},
	journal = {The International Journal of Robotics Research},
	volume = {33},
	number = {1},
	pages = {69--81},
	year = {2013}
}

@article {Pratt_IJRR2001,
	author = {Pratt, Jerry and Chew, Chee-Meng and Torres, Ann and Dilworth, Peter and Pratt, Gill},
	title = {{Virtual Model Control: An Intuitive Approach for Bipedal Locomotion}},
	journal = {The International Journal of Robotics Research},
	volume = {20},
	number = {2},
	pages = {129--143},
	year = {2001}
}

@inproceedings {Righetti_CLAWAR2010,
	author = {Righetti, Ludovic and Buchli, Jonas and Mistry, Michael and Schaal, Stefan},
	title = {{Inverse Dynamics With Optimal Distribution of Ground Reaction Forces for Legged Robots}},
	booktitle = {International Conference on Climbing and Walking Robots and the Support Technologies
							 for Mobile Machines (CLAWAR)},
	address = {Nagoya, Japan},
	pages = {580--587},
	year = {2010}
}

@inproceedings {Righetti_ICRA2011,
	author = {Righetti, Ludovic and Buchli, Jonas and Mistry, Michael and Schaal, Stefan},
	title = {{Inverse dynamics control of floating-base robots with external constraints: A unified view}},
	booktitle = {IEEE International Conference on Robotics and Automation (ICRA)},
	address = {Shanghai, China},
	pages = {1085--1090},
	year = {2011}
}

@inproceedings {Righetti_Humanoids2011,
	author = {Righetti, Ludovic and Buchli, Jonas and Mistry, Michael and Schaal, Stefan},
	title = {{Control of legged robots with optimal distribution of contact forces}},
	booktitle = {IEEE-RAS International Conference on Humanoid Robots (Humanoids)},
	address = {Bled, Slovenia},
	pages = {318--324},
	year = {2011}
}

@inproceedings {Righetti_Humanoids2012,
	author = {Righetti, Ludovic and Schaal, Stefan},
	title = {{Quadratic programming for inverse dynamics with optimal distribution of contact forces}},
	booktitle = {IEEE-RAS International Conference on Humanoid Robots (Humanoids)},
	address = {Osaka, Japan},
	pages = {538--543},
	year = {2012}
}

@article {Righetti_IJRR2013,
	author = {Righetti, Ludovic and Buchli, Jonas and Mistry, Michael and Kalakrishnan, Mrinal and Schaal, Stefan},
	title = {{Optimal distribution of contact forces with inverse dynamics control}},
	journal = {The International Journal of Robotics Research},
	volume = {32},
	number = {3},
	pages = {280--298},
	year = {2013}
}

@article {Rocco_Automatica1997,
	author = {Rocco, Paolo and Ferretti, Gianni and Magnani, Gianantonio},
	title = {{Implicit Force Control for Industrial Robots in Contact with Stiff Surfaces}},
	journal = {Automatica},
	volume = {33},
	number = {11},
	pages = {2041--2047},
	year = {1997}
}

@inproceedings {Saab_ICRA2011,
	author = {Saab, Layale and Mansard, Nicolas and Keith, Fran{\c{c}}ois and Fourquet, Jean-Yves and Sou{\`{e}}res, Philippe},
	title = {{Generation of Dynamic Motion for Anthropomorphic Systems under Prioritized Equality and Inequality Constraints}},
	booktitle = {IEEE International Conference on Robotics and Automation (ICRA)},
	address = {Shanghai, China},
	pages = {1091--1096},
	year = {2011}
}

@inproceedings {Saab_IROS2011,
	author = {Saab, Layale and Ramos, Oscar E. and Mansard, Nicolas and Sou{\`{e}}res, Philippe and Fourquet, Jean-Yves},
	title = {{Generic Dynamic Motion Generation with Multiple Unilateral Constraints}},
	booktitle = {IEEE/RSJ International Conference on Intelligent Robots and Systems (IROS)},
	address = {San Francisco, CA, USA},
	pages = {4127--4133},
	year = {2011}
}

@article {Saab_TransRobotics2013,
	author = {Saab, Layale and Ramos, Oscar E. and Keith, Fran{\c{c}}ois and Mansard, Nicolas and
						Sou{\`{e}}res, Philippe and Fourquet, Jean-Yves},
	title = {{Dynamic Whole-Body Motion Generation Under Rigid Contacts and Other Unilateral Constraints}},
	journal = {IEEE Transactions on Robotics},
	volume = {29},
	number = {2},
	pages = {346--362},
	year = {2013}
}

@unpublished {Sentis_IJHR2004,
	author = {Sentis, Luis and Khatib, Oussama},
	title = {{Task-Oriented Control of Humanoid Robots Through Prioritization}},
	note = {Submitted to the International Journal of Humanoid Robotics (Unpublished)},
	year = {2004}
}

@inproceedings {Sentis_ICRA2005,
	author = {Sentis, Luis and Khatib, Oussama},
	title = {{Control of Free-Floating Humanoid Robots Through Task Prioritization}},
	booktitle = {IEEE International Conference on Robotics and Automation (ICRA)},
	address = {Barcelona, Spain},
	pages = {1730--1735},
	year = {2005}
}

@article {Sentis_IJHR2005,
	author = {Sentis, Luis and Khatib, Oussama},
	title = {{Synthesis of Whole-Body Behaviors Through Hierarchical Control of Behavioral Primitives}},
	journal = {International Journal of Humanoid Robotics},
	volume = {2},
	number = {4},
	pages = {505--518},
	year = {2005}
}

@inproceedings {Sentis_ICRA2006,
	author = {Sentis, Luis and Khatib, Oussama},
	title = {{A Whole-Body Control Framework for Humanoids Operating in Human Environments}},
	booktitle = {IEEE International Conference on Robotics and Automation (ICRA)},
	address = {Orlando, FL, USA},
	pages = {2641--2648},
	year = {2006}
}

@phdthesis {Sentis_PhDThesis2007,
	author = {Sentis, Luis},
	title = {{Synthesis and Control of Whole-Body Behaviors in Humanoid Systems}},
	school = {Stanford University},
	type = {PhD Thesis},
	year = {2007}
}

@inproceedings {Sentis_IROS2009,
	author = {Sentis, Luis and Park, Jae-Heung and Khatib, Oussama},
	title = {{Modeling and Control of Multi-Contact Centers of Pressure and Internal Forces in Humanoid Robots}},
	booktitle = {IEEE/RSJ International Conference on Intelligent Robots and Systems (IROS)},
	address = {St. Louis, MO, USA},
	pages = {453--460},
	year = {2009}
}

@incollection {Sentis_MotionPlan2010,
	author = {Sentis, Luis},
	title = {{Compliant Control of Whole-Body Multi-Contact Behaviors in Humanoid Robots}},
	booktitle = {Motion Planning for Humanoid Robots},
	chapter = {2},
	editor = {Harada, Kensuke and Yoshida, Eiichi and Yokoi, Kazuhito},
	publisher = {Springer},
	pages = {29--66},
	year = {2010}
}

@article {Sentis_TransRobotics2010,
	author = {Sentis, Luis and Park, Jae-Heung and Khatib, Oussama},
	title = {{Compliant Control of Multicontact and Center-of-Mass Behaviors in Humanoid Robots}},
	journal = {IEEE Transactions on Robotics},
	volume = {26},
	number = {3},
	pages = {483--501},
	year = {2010}
}

@inproceedings {Sentis_Humanoids2011,
	author = {Sentis, Luis and Slovich, Mike},
	title = {{Motion Planning of Extreme Locomotion Maneuvers Using Multi-Contact Dynamics and Numerical Integration}},
	booktitle = {IEEE-RAS International Conference on Humanoid Robots (Humanoids)},
	address = {Bled, Slovenia},
	pages = {760--767},
	year = {2011}
}

@inproceedings {Sharma_NUiCONE2011,
	author = {Sharma, A. S. K. and Mukherjee, B. S. and Kar, C. I. N.},
	title = {{Optimal Set-Point Regulation for Two-Contact Dexterous Manipulation}},
	booktitle = {Nirma University International Conference on Engineering (NUiCONE)},
	address = {Ahmedabad, India},
	year = {2011}
}

@inproceedings {Sherikov_Humanoids2014,
	author = {Sherikov, Alexander and Dimitrov, Dimitar and Wieber, Pierre-Brice},
	title = {{Whole body motion controller with long-term balance constraints}},
	booktitle = {IEEE-RAS International Conference on Humanoid Robots (Humanoids)},
	address = {Madrid, Spain},
	pages = {444--450},
	year = {2014}
}

@inproceedings {Sherikov_Humanoids2015,
	author = {Sherikov, Alexander and Dimitrov, Dimitar and Wieber, Pierre-Brice},
	title = {{Balancing a humanoid robot with a prioritized contact force distribution}},
	booktitle = {IEEE-RAS International Conference on Humanoid Robots (Humanoids)},
	address = {Seoul, South Korea},
	pages = {223--228},
	year = {2015}
}

@inproceedings {Shin_IROS1991,
	author = {Shin, Yong Deuk and Chung, Myung Jin},
	title = {{Optimal force distribution by weak point force minimization in cooperating multiple robots}},
	booktitle = {IEEE/RSJ International Conference on Intelligent Robots and Systems (IROS)},
	volume = {2},
	address = {Osaka, Japan},
	pages = {767--772},
	year = {1991}
}

@inproceedings {Siciliano_AdvRobotics1991,
	author = {Siciliano, Bruno and Slotine, Jean-Jacques E.},
	title = {{A General Framework for Managing Multiple Tasks in Highly Redundant Robotic Systems}},
	booktitle = {Advanced Robotics},
	volume = {2},
	address = {Pisa, Italy},
	pages = {1211--1216},
	year = {1991}
}

@article {Sreenivasan_MechDesign1996,
	author = {Sreenivasan, S. V. and Waldron, Kenneth J. and Mukherjee, Subhasis},
	title = {{Globally Optimal Force Allocation in Active Mechanisms With Four Frictional Contacts}},
	journal = {Journal of Mechanical Design},
	volume = {118},
	number = {3},
	pages = {353--359},
	year = {1996}
}

@inproceedings {Stephens_IROS2010,
	author = {Stephens, Benjamin J. and Atkeson, Christopher G.},
	title = {{Dynamic Balance Force Control for Compliant Humanoid Robots}},
	booktitle = {IEEE/RSJ International Conference on Intelligent Robots and Systems (IROS)},
	address = {Taipei, Taiwan},
	pages = {1248--1255},
	year = {2010}
}

@phdthesis {Stephens_PhDThesis2011,
	author = {Stephens, Benjamin},
	title = {{Push Recovery Control for Force-Controlled Humanoid Robots}},
	school = {Carnegie Mellon University},
	type = {PhD Thesis},
	year = {2011}
}

@inproceedings {Sugihara_IROS2002,
	author = {Sugihara, Tomomichi and Nakamura, Yoshihiko},
	title = {{Whole-body Cooperative Balancing of Humanoid Robot using COG Jacobian}},
	booktitle = {IEEE/RSJ International Conference on Intelligent Robots and Systems (IROS)},
	address = {Lausanne, Switzerland},
	pages = {2575--2580},
	year = {2002}
}

@inproceedings {Todorov_ICRA2010,
	author = {Todorov, Emanuel},
	title = {{Implicit nonlinear complementarity: A new approach to contact dynamics}},
	booktitle = {IEEE International Conference on Robotics and Automation (ICRA)},
	address = {Anchorage, AK, USA},
	pages = {2322--2329},
	year = {2010}
}

@inproceedings {Todorov_ICRA2011,
	author = {Todorov, Emanuel},
	title = {{A convex, smooth and invertible contact model for trajectory optimization}},
	booktitle = {IEEE International Conference on Robotics and Automation (ICRA)},
	address = {Shanghai, China},
	pages = {1071--1076},
	year = {2011}
}

@inproceedings {Todorov_IROS2012,
	author = {Todorov, Emanuel and Erez, Tom and Tassa, Yuval},
	title = {{MuJoCo: A physics engine for model-based control}},
	booktitle = {IEEE/RSJ International Conference on Intelligent Robots and Systems (IROS)},
	address = {Vilamoura, Portugal},
	pages = {5026--5033},
	year = {2012}
}

@inproceedings {Vaillant_Humanoids2014,
	author = {Vaillant, Joris and Kheddar, Abderrahmane and Audren, Herv{\'{e}} and Keith, Fran{\c{c}}ois and
						Brossette, Stanislas and Kaneko, Kenji and Morisawa, Mitsuharu and Yoshida, Eiichi and
						Kanehiro, Fumio},
	title = {{Vertical Ladder Climbing by the HRP-2 Humanoid Robot}},
	booktitle = {IEEE-RAS International Conference on Humanoid Robots (Humanoids)},
	address = {Madrid, Spain},
	pages = {671--676},
	year = {2014}
}

@article {Vaillant_AutoRobots2016,
	author = {Vaillant, Joris and Kheddar, Abderrahmane and Audren, Herv{\'{e}} and Keith, Fran{\c{c}}ois and
						Brossette, Stanislas and Escande, Adrien and Bouyarmane, Karim and Kaneko, Kenji and
						Morisawa, Mitsuharu and Gergondet, Pierre and Yoshida, Eiichi and Kajita, Shuuji and
						Kanehiro, Fumio},
	title = {{Multi-contact vertical ladder climbing with an HRP-2 humanoid}},
	journal = {Autonomous Robots},
	volume = {40},
	number = {3},
	pages = {561--580},
	year = {2016}
}

@article {Volpe_TransAutoControl1993,
	author = {Volpe, Richard and Khosla, Pradeep},
	title = {{A Theoretical and Experimental Investigation of Explicit Force Control Strategies for Manipulators}},
	journal = {IEEE Transactions on Automatic Control},
	volume = {38},
	number = {11},
	pages = {1634--1650},
	year = {1993}
}

@article {Wensing_IJHR2013,
	author = {Wensing, Patrick M. and Hammam, Ghassan Bin and Dariush, Behzad and Orin, David E.},
	journal = {International Journal of Humanoid Robotics},
	volume = {10},
	number = {3},
	title = {{Optimizing Foot Centers of Pressure through Force Distribution in a Humanoid Robot}},
	year = {2013}
}

@inproceedings {Wensing_ICRA2013,
	author = {Wensing, Patrick M. and Orin, David E.},
	title = {{Generation of Dynamic Humanoid Behaviors Through Task-Space Control with Conic Optimization}},
	booktitle = {IEEE International Conference on Robotics and Automation (ICRA)},
	address = {Karlsruhe, Germany},
	pages = {3088--3094},
	year = {2013}
}

@article {Wensing_IJHR2016,
	author = {Wensing, Patrick M. and Orin, David E.},
	title = {{Improved Computation of the Humanoid Centroidal Dynamics and Application for Whole-Body Control}},
	journal = {International Journal of Humanoid Robotics},
	volume = {13},
	number = {1},
	year = {2016}
}

@inproceedings {Williams_ICRA1993,
	author = {Williams, David and Khatib, Oussama},
	title = {{The Virtual Linkage: A Model for Internal Forces in Multi-Grasp Manipulation}},
	booktitle = {IEEE International Conference on Robotics and Automation (ICRA)},
	volume = {1},
	address = {Atlanta, GA, USA},
	pages = {1025--1030},
	year = {1993}
}

@inproceedings{ZhaoY_Humanoids2012,
	author = {Zhao, Ye and Sentis, Luis},
	title = {{A Three Dimensional Foot Placement Planner for Locomotion in Very Rough Terrains}},
	booktitle = {IEEE-RAS International Conference on Humanoid Robots (Humanoids)},
	address = {Osaka, Japan},
	pages = {726--733},
	year = {2012}
}